<?xml version="1.0" encoding="UTF-8"?><record xmlns="http://www.loc.gov/MARC21/slim" xmlns:cinclude="http://apache.org/cocoon/include/1.0" xmlns:zs="http://www.loc.gov/zing/srw/">
  <leader>00374nz  a2200133n  4500</leader>
  <controlfield tag="001">no 95032574 </controlfield>
  <controlfield tag="003">DLC</controlfield>
  <controlfield tag="005">19950708054758.7</controlfield>
  <controlfield tag="008">950707n| acannaab|          |n aaa     c</controlfield>
  <datafield tag="010" ind1=" " ind2=" ">
    <subfield code="a">no 95032574 </subfield>
  </datafield>
  <datafield tag="035" ind1=" " ind2=" ">
    <subfield code="a">(OCoLC)oca03871126 </subfield>
  </datafield>
  <datafield tag="040" ind1=" " ind2=" ">
    <subfield code="a">MH</subfield>
    <subfield code="c">MH</subfield>
  </datafield>
  <datafield tag="100" ind1="1" ind2="0">
    <subfield code="a">SchoĚttler, Horst,</subfield>
    <subfield code="d">1941-</subfield>
  </datafield>
  <datafield tag="670" ind1=" " ind2=" ">
    <subfield code="a">Die Genfer Zusatzprotokolle, 1993:</subfield>
    <subfield code="b">t.p. (Horst SchoĚttler) p. 274 (b. 1941)</subfield>
  </datafield>
</record>